@online{compressai,
    author = "compressAI",
    title = "compressAI",
    url = "https://interdigitalinc.github.io/CompressAI/index.html",
    addendum = "(consulté: 25/11/2024)"
}

@online{compressai_train,
    author = "compressAI",
    title = "Image compression",
    url = "https://interdigitalinc.github.io/CompressAI/zoo.html#training",
    addendum = "(consulté: 25/11/2024)"
}

@inproceedings{ballemshj18,
  author    = {Johannes Ball{\'{e}} and
               David Minnen and
               Saurabh Singh and
               Sung Jin Hwang and
               Nick Johnston},
  title     = {Variational image compression with a scale hyperprior},
  booktitle = {6th International Conference on Learning Representations, {ICLR} 2018,
               Vancouver, BC, Canada, April 30 - May 3, 2018, Conference Track Proceedings},
  publisher = {OpenReview.net},
  year      = {2018},
}

@online{openimages,
    title = "Open Images Dataset V7",
    url = "https://storage.googleapis.com/openimages/web/download_v7.html",
    addendum = "(consulté: 25/11/2024)"
}

@article{xue2019video,
  title={Video Enhancement with Task-Oriented Flow},
  author={Xue, Tianfan and Chen, Baian and Wu, Jiajun and Wei, Donglai and Freeman, William T},
  journal={International Journal of Computer Vision (IJCV)},
  volume={127},
  number={8},
  pages={1106--1125},
  year={2019},
  publisher={Springer}
}

@online{kodak,
    author = "Kaggle",
    title = "Kodak dataset",
    url = "https://www.kaggle.com/datasets/sherylmehta/kodak-dataset",
    addendum = "(consulté: 25/11/2024)"
}

@online{clic,
    author = "CLIC 2024",
    title = "CLIC 2024",
    url = "https://www.compression.cc/tasks/#",
    addendum = "(consulté: 25/11/2024)"
}